<record><leader>03354cam a2200505 i 4500</leader><controlfield tag="001">6808262</controlfield><controlfield tag="003">OCoLC</controlfield><controlfield tag="005">20150204165314.0</controlfield><controlfield tag="008">140604s2015    enka     b    001 0 eng  </controlfield><datafield ind1=" " ind2=" " tag="010"><subfield code="a">  2014018218</subfield></datafield><datafield ind1=" " ind2=" " tag="015"><subfield code="a">GBB4B8900</subfield><subfield code="2">bnb</subfield></datafield><datafield ind1="7" ind2=" " tag="016"><subfield code="a">016912295</subfield><subfield code="2">Uk</subfield></datafield><datafield ind1=" " ind2=" " tag="020"><subfield code="a">9780415815321 (hardback)</subfield></datafield><datafield ind1=" " ind2=" " tag="020"><subfield code="a">0415815320 (hardback)</subfield></datafield><datafield ind1=" " ind2=" " tag="020"><subfield code="z">9781315746647 (ebook)</subfield></datafield><datafield ind1=" " ind2=" " tag="035"><subfield code="a">ocn881205498</subfield></datafield><datafield ind1=" " ind2=" " tag="040"><subfield code="a">DLC</subfield><subfield code="b">eng</subfield><subfield code="e">rda</subfield><subfield code="c">DLC</subfield><subfield code="d">BTCTA</subfield><subfield code="d">OCLCO</subfield><subfield code="d">BDX</subfield><subfield code="d">UKMGB</subfield><subfield code="d">NTD</subfield><subfield code="d">UAB</subfield><subfield code="d">AEU</subfield></datafield><datafield ind1=" " ind2=" " tag="042"><subfield code="a">pcc</subfield></datafield><datafield ind1="0" ind2="0" tag="050"><subfield code="a">NA6811</subfield><subfield code="b">.M38 2015</subfield></datafield><datafield ind1="0" ind2="0" tag="082"><subfield code="a">720.1/03</subfield><subfield code="2">23</subfield></datafield><datafield ind1=" " ind2=" " tag="084"><subfield code="a">ARC013000</subfield><subfield code="a">ARC000000</subfield><subfield code="a">ARC010000</subfield><subfield code="2">bisacsh</subfield></datafield><datafield ind1=" " ind2=" " tag="090"><subfield code="a">NA 6811 M38 2015</subfield><subfield code="b">AEU</subfield></datafield><datafield ind1="1" ind2=" " tag="100"><subfield code="a">McGaw, Janet,</subfield><subfield code="e">author.</subfield></datafield><datafield ind1="1" ind2="0" tag="245"><subfield code="a">Assembling the centre :</subfield><subfield code="b">architecture for indigenous cultures : Australia and beyond /</subfield><subfield code="c">Janet McGaw and Anoma Pieris.</subfield></datafield><datafield ind1="3" ind2=" " tag="246"><subfield code="a">Assembling the center</subfield></datafield><datafield ind1=" " ind2="1" tag="264"><subfield code="a">London ;</subfield><subfield code="a">New York :</subfield><subfield code="b">Routledge, Taylor &amp; Francis Group,</subfield><subfield code="c">2015.</subfield></datafield><datafield ind1=" " ind2=" " tag="300"><subfield code="a">xiv, 209 pages :</subfield><subfield code="b">illustrations ;</subfield><subfield code="c">24 cm.</subfield></datafield><datafield ind1=" " ind2=" " tag="336"><subfield code="a">text</subfield><subfield code="2">rdacontent</subfield></datafield><datafield ind1=" " ind2=" " tag="337"><subfield code="a">unmediated</subfield><subfield code="2">rdamedia</subfield></datafield><datafield ind1=" " ind2=" " tag="338"><subfield code="a">volume</subfield><subfield code="2">rdacarrier</subfield></datafield><datafield ind1="1" ind2=" " tag="490"><subfield code="a">Routledge research in architecture</subfield></datafield><datafield ind1=" " ind2=" " tag="504"><subfield code="a">Includes bibliographical references and index.</subfield></datafield><datafield ind1="0" ind2=" " tag="505"><subfield code="a">Introduction : Cultural Centres, Identity, Assemblages -- Voices : Story, Writing, Exchange -- Centre : Space, Politics, Typology -- Land : Belonging, Law, Rights -- Programme : Dreaming, Timekeeping, Becoming -- (Im) materialities : Clearing, Erasure, Disguise -- Skin : (S)crypts, Inscriptions, Hide -- Conclusion : Re-Assembling the Indigenous Cultural Centre.</subfield></datafield><datafield ind1=" " ind2=" " tag="520"><subfield code="a">"This book, documents a range of Indigenous Cultural Centres across the globe and the processes that led to their development. It explores the possibilities for the social and political project of the Cultural Centre that architecture both inhibits and affords. Whose idea of architecture counts when designing Indigenous Cultural Centres? How does architectural history and contemporary practice territorialise spaces of Indigenous occupation? What is architecture for Indigenous cultures and how is it recognised? This ambitious and provocative study pursues a new architecture for colonised Indigenous cultures that takes the politics of recognition to its heart. It advocates an ethics of mutual engagement as a crucial condition for architectural projects that design across cultural difference. The book's structure, method, and arguments are dialogically assembled around narratives told by Indigenous people of their pursuit of public recognition, spatial justice, and architectural presence in settler dominated societies. Possibilities for decolonising architecture emerge through these accounts"--</subfield><subfield code="c">Provided by publisher.</subfield></datafield><datafield ind1=" " ind2=" " tag="596"><subfield code="a">43</subfield></datafield><datafield ind1=" " ind2="0" tag="650"><subfield code="a">Arts facilities</subfield><subfield code="x">Social aspects.</subfield></datafield><datafield ind1=" " ind2="0" tag="650"><subfield code="a">Architecture</subfield><subfield code="x">Philosophy.</subfield></datafield><datafield ind1=" " ind2="0" tag="650"><subfield code="a">Cultural landscapes.</subfield></datafield><datafield ind1=" " ind2="0" tag="650"><subfield code="a">Indigenous peoples.</subfield></datafield><datafield ind1=" " ind2="0" tag="650"><subfield code="a">Architects and community.</subfield></datafield><datafield ind1="1" ind2=" " tag="700"><subfield code="a">Pieris, Anoma,</subfield><subfield code="e">author.</subfield></datafield><datafield ind1=" " ind2="0" tag="830"><subfield code="a">Routledge research in architecture.</subfield></datafield><datafield ind1="4" ind2="2" tag="856"><subfield code="3">Cover image</subfield><subfield code="u">http://images.tandf.co.uk/common/jackets/websmall/978041581/9780415815321.jpg</subfield></datafield><datafield ind1=" " ind2=" " tag="949"><subfield code="a">NA 6811 M38 2015</subfield><subfield code="h">UAHS-B</subfield><subfield code="i">0162035241452</subfield></datafield><datafield ind1=" " ind2=" " tag="926"><subfield code="a">NA 6811 M38 2015</subfield><subfield code="w">LC</subfield><subfield code="c">1</subfield><subfield code="i">0162035241452</subfield><subfield code="d">1/14/2017</subfield><subfield code="e">1/14/2017</subfield><subfield code="k">CHECKEDOUT</subfield><subfield code="l">ON_SHELF</subfield><subfield code="m">UAHSS</subfield><subfield code="n">4</subfield><subfield code="p">$150.00</subfield><subfield code="r">M</subfield><subfield code="s">Y</subfield><subfield code="t">BOOK</subfield><subfield code="u">2/19/2015</subfield></datafield></record>